% For the format, see:
% http://tools.ietf.org/html/draft-carpenter-rfc-citation-recs-01#section-5.1
%
% BibTeX Entries for RFCs:
%
%@techreport{rfc1654,
%   AUTHOR = "Yakov Rekhter and Tony Li",
%   TITLE = "{A Border Gateway Protocol 4 (BGP-4)}",
%   HOWPUBLISHED = {Internet Requests for Comments},
%   TYPE="{RFC}",
%   NUMBER=1654,
%   PAGES = {1-56},
%   YEAR = {1995},
%   MONTH = {July},
%   ISSN = {2070-1721},
%   PUBLISHER = "{RFC Editor}",
%   INSTITUTION = "{RFC Editor}",
%   URL={http://www.rfc-editor.org/rfc/rfc1654.txt}
%}


% BibTeX Entries for Internet Drafts:
%
%@TECHREPORT{draft-ipng-gseaddr-00.txt,
%   AUTHOR="M. O'Dell",
%   TITLE="{GSE: An Alternate Addressing Architecture for IPv6}",
%   HOWPUBLISHED="{Working Draft}",
%   TYPE="{Internet-Draft}",
%   NUMBER="draft-ipng-gseaddr-00.txt",
%   INSTITUTION="{IETF Secretariat}",
%   DAY=24,
%   MONTH=Feb,
%   YEAR=1997
%}

@techreport{rfc2616,
  title         = {Hypertext Transfer Protocol -- HTTP/1.1},
  author        = {R. Fielding and J. Gettys and J. Mogul and H. Frystyk and  L. Masinter and P. Leach and T. Berners-Lee},
  date          = {1999-06},
  pagetotal     = {176},
  howpublished  = {Internet Requests for Comments},
  series        = {Internet Requests for Comments},
  type          = {RFC},
  number        = {2616},
  publisher     = {RFC Editor},
  institution   = {RFC Editor},
  issn          = {2070-1721},
  url           = {http://www.ietf.org/rfc/rfc2616.txt},
  langid        = {english},
}
