@book{lamport94,
    author    = {Leslie Lamport},
    title     = {\LaTeX: A Document Preparation System},
    publisher = {Addison Wesley},
    address   = {Massachusetts},
    edition   = {2nd Edition},
    year      = {1994},
    hyphenation = {english}
}

